

@inproceedings{chrostowski2014impact,
  title={Impact of fabrication non-uniformity on chip-scale silicon photonic integrated circuits},
  author={Chrostowski, Lukas and Wang, Xu and Flueckiger, Jonas and Wu, Yichen and Wang, Yun and Talebi Fard, Sahba},
  booktitle={Optical Fiber Communication Conference},
  pages={Th2A--37},
  year={2014},
  organization={Optical Society of America}
}

@article{scikit-learn,
 title={Scikit-learn: Machine Learning in {P}ython},
 author={Pedregosa, F. and Varoquaux, G. and Gramfort, A. and Michel, V.
         and Thirion, B. and Grisel, O. and Blondel, M. and Prettenhofer, P.
         and Weiss, R. and Dubourg, V. and Vanderplas, J. and Passos, A. and
         Cournapeau, D. and Brucher, M. and Perrot, M. and Duchesnay, E.},
 journal={Journal of Machine Learning Research},
 volume={12},
 pages={2825--2830},
 year={2011}
}
